<?xml version="1.0" encoding="UTF-8"?><record xmlns="http://www.loc.gov/MARC21/slim" xmlns:cinclude="http://apache.org/cocoon/include/1.0" xmlns:zs="http://www.loc.gov/zing/srw/">
  <leader>00475nz  a2200145n  4500</leader>
  <controlfield tag="001">no2009065510</controlfield>
  <controlfield tag="003">DLC</controlfield>
  <controlfield tag="005">20090430075548.0</controlfield>
  <controlfield tag="008">090428n| acannaabn          |n aaa     c</controlfield>
  <datafield tag="010" ind1=" " ind2=" ">
    <subfield code="a">no2009065510</subfield>
  </datafield>
  <datafield tag="035" ind1=" " ind2=" ">
    <subfield code="a">(OCoLC)oca08092041</subfield>
  </datafield>
  <datafield tag="040" ind1=" " ind2=" ">
    <subfield code="a">NcD</subfield>
    <subfield code="b">eng</subfield>
    <subfield code="c">NcD</subfield>
  </datafield>
  <datafield tag="100" ind1="1" ind2=" ">
    <subfield code="a">Malle, Manuel Cuotemoc</subfield>
  </datafield>
  <datafield tag="670" ind1=" " ind2=" ">
    <subfield code="a">The Baader Meinhof complex [VR], c2009:</subfield>
    <subfield code="b">title frame (Manuel Malle, producer)</subfield>
  </datafield>
  <datafield tag="670" ind1=" " ind2=" ">
    <subfield code="a">OCLC, April 28, 2009</subfield>
    <subfield code="b">(hdg.: Malle, Manuel Cuotemoc; usage: Manuel Cuotemoc Malle)</subfield>
  </datafield>
</record>